<record><leader>00000cas a2200000 a 4500</leader><controlfield tag="001">36876457</controlfield><controlfield tag="008">970508d19041964oruwr ne      0    0eng c</controlfield><datafield ind1=" " ind2=" " tag="010"><subfield code="a">sn 96088370 </subfield></datafield><datafield ind1=" " ind2=" " tag="040"><subfield code="a">OCN</subfield><subfield code="b">eng</subfield><subfield code="c">OCN</subfield><subfield code="d">OCLCQ</subfield><subfield code="d">ORU</subfield><subfield code="d">OCLCQ</subfield><subfield code="d">OCLCF</subfield><subfield code="d">OCLCO</subfield></datafield><datafield ind1=" " ind2=" " tag="042"><subfield code="a">pcc</subfield></datafield><datafield ind1=" " ind2=" " tag="043"><subfield code="a">n-us-or</subfield></datafield><datafield ind1="0" ind2=" " tag="130"><subfield code="a">Benton County review (Philomath, Or.)</subfield></datafield><datafield ind1="1" ind2="0" tag="245"><subfield code="a">Benton County review.</subfield></datafield><datafield ind1=" " ind2=" " tag="260"><subfield code="a">Philomath, Benton County, Or. :</subfield><subfield code="b">F.S. Minshall,</subfield><subfield code="c">-1964.</subfield></datafield><datafield ind1=" " ind2=" " tag="300"><subfield code="a">v.</subfield></datafield><datafield ind1=" " ind2=" " tag="310"><subfield code="a">Weekly</subfield></datafield><datafield ind1="1" ind2=" " tag="362"><subfield code="a">Began in 1904.</subfield></datafield><datafield ind1="0" ind2=" " tag="362"><subfield code="a">-60th year, no. 28 (Aug. 13, 1964).</subfield></datafield><datafield ind1=" " ind2=" " tag="500"><subfield code="a">1925-1938 includes newspapers published during the school terms by local high schools and Philomath College.</subfield></datafield><datafield ind1=" " ind2=" " tag="515"><subfield code="a">Some irregularities in numbering.</subfield></datafield><datafield ind1=" " ind2=" " tag="530"><subfield code="a">Also issued on microfilm from University of Oregon.</subfield></datafield><datafield ind1=" " ind2=" " tag="588"><subfield code="a">Description based on: 3rd year, no. 39 (Nov. 2, 1907).</subfield></datafield><datafield ind1=" " ind2="0" tag="651"><subfield code="a">Benton County (Or.)</subfield><subfield code="v">Newspapers.</subfield></datafield><datafield ind1=" " ind2="0" tag="651"><subfield code="a">Philomath (Or.)</subfield><subfield code="v">Newspapers.</subfield></datafield><datafield ind1=" " ind2="0" tag="651"><subfield code="a">Alsea (Or.)</subfield><subfield code="v">Newspapers.</subfield></datafield><datafield ind1=" " ind2="7" tag="655"><subfield code="a">Newspapers.</subfield><subfield code="2">fast</subfield><subfield code="0">(OCoLC)fst01423814</subfield></datafield><datafield ind1=" " ind2="7" tag="651"><subfield code="a">Oregon</subfield><subfield code="z">Alsea.</subfield><subfield code="2">fast</subfield><subfield code="0">(OCoLC)fst01230519</subfield></datafield><datafield ind1=" " ind2="7" tag="651"><subfield code="a">Oregon</subfield><subfield code="z">Benton County.</subfield><subfield code="2">fast</subfield><subfield code="0">(OCoLC)fst01210431</subfield></datafield><datafield ind1=" " ind2="7" tag="651"><subfield code="a">Oregon</subfield><subfield code="z">Philomath.</subfield><subfield code="2">fast</subfield><subfield code="0">(OCoLC)fst01227854</subfield></datafield><datafield ind1="0" ind2="2" tag="740"><subfield code="a">Philomath hi-times.</subfield></datafield><datafield ind1="0" ind2="2" tag="740"><subfield code="a">Alsea hi-lites.</subfield></datafield><datafield ind1="0" ind2="2" tag="740"><subfield code="a">Wolverine echos.</subfield></datafield><datafield ind1="0" ind2="2" tag="740"><subfield code="a">Philomath college news.</subfield></datafield><datafield ind1=" " ind2=" " tag="752"><subfield code="a">United States</subfield><subfield code="b">Oregon</subfield><subfield code="c">Benton</subfield><subfield code="d">Philomath.</subfield></datafield></record>